<?xml version="1.0" encoding="UTF-8"?><collection xmlns="http://www.loc.gov/MARC21/slim"><record><leader>00574nam--2200145-i-4500</leader><controlfield tag="001">000038470</controlfield><controlfield tag="002">20161230</controlfield><controlfield tag="005">20161230201041</controlfield><controlfield tag="008">060222s1000------------r-----000-0-eng-d</controlfield><datafield ind1=" " ind2=" " tag="080"><subfield code="a">621.382</subfield></datafield><datafield ind1=" " ind2=" " tag="100"><subfield code="a">Renucci, R</subfield></datafield><datafield ind1=" " ind2=" " tag="245"><subfield code="a">Les thyristors et les traics (2e edition). constitution, fonctionnement. caracteristiques, amorcage et blocage. le triac. commutation statique et commande de phase. mise en oeuvre. appl.pratiques des thyristors et des triacs</subfield></datafield><datafield ind1=" " ind2=" " tag="260"><subfield code="a">Paris, Librairie Parisienne De La Radio, 1973, 125p</subfield></datafield><datafield ind1=" " ind2=" " tag="490"><subfield code="a">Ed.Techn.Et Sci.Francaises</subfield></datafield><datafield ind1=" " ind2=" " tag="852"><subfield code="a">45106</subfield></datafield></record></collection>